<?xml version="1.0" encoding="UTF-8"?>
<record xmlns="http://www.loc.gov/MARC21/slim" xmlns:xsi="http://www.w3.org/2001/XMLSchema-instance" xsi:schemaLocation="http://www.loc.gov/MARC21/slim http://www.loc.gov/standards/marcxml/schema/MARC21slim.xsd">
<leader>     nam a2200313 a 4500</leader>
<controlfield tag="001">002119196</controlfield>
<controlfield tag="003">NNU</controlfield>
<controlfield tag="005">20061010172411.0</controlfield>
<controlfield tag="008">940119s1947    ua       b   f001 0 ara</controlfield>
<datafield tag="010" ind1=" " ind2=" ">
<subfield code="a">93227574 /NE</subfield>
</datafield>
<datafield tag="035" ind1="9" ind2=" ">
<subfield code="a">NYUb11095130</subfield>
</datafield>
<datafield tag="035" ind1=" " ind2=" ">
<subfield code="a">(CStRLIN)NYUG94-B2691</subfield>
</datafield>
<datafield tag="040" ind1=" " ind2=" ">
<subfield code="a">DLC-R</subfield>
<subfield code="c">DLC-R</subfield>
</datafield>
<datafield tag="066" ind1=" " ind2=" ">
<subfield code="c">(3</subfield>
</datafield>
<datafield tag="090" ind1=" " ind2=" ">
<subfield code="a">PJ7741.S97</subfield>
<subfield code="b">A6 1947</subfield>
</datafield>
<datafield tag="100" ind1="0" ind2=" ">
<subfield code="a">Surāqah ibn Mirdās al-Bāriqī,</subfield>
<subfield code="d">d. 698 or 9</subfield>
<subfield code="6">880-01</subfield>
</datafield>
<datafield tag="240" ind1="1" ind2="0">
<subfield code="a">Poems</subfield>
</datafield>
<datafield tag="245" ind1="1" ind2="0">
<subfield code="6">880-02</subfield>
<subfield code="a">Dīwān Surāqah al-Bāriqī /</subfield>
<subfield code="c">ḥaqqaqahu wa-sharaḥahu Ḥusayn Naṣṣār.</subfield>
</datafield>
<datafield tag="250" ind1=" " ind2=" ">
<subfield code="6">880-03</subfield>
<subfield code="a">al-Ṭabʻah 1.</subfield>
</datafield>
<datafield tag="260" ind1=" " ind2=" ">
<subfield code="6">880-04</subfield>
<subfield code="a">al-Qāhirah :</subfield>
<subfield code="b">Lajnat al-Taʼlīf wa-al-Tarjamah wa-al-Nashr,</subfield>
<subfield code="c">1947.</subfield>
</datafield>
<datafield tag="300" ind1=" " ind2=" ">
<subfield code="a">6, 120 p. ;</subfield>
<subfield code="c">25 cm.</subfield>
</datafield>
<datafield tag="504" ind1=" " ind2=" ">
<subfield code="a">Includes bibliographical references (p. 34) and indexes.</subfield>
</datafield>
<datafield tag="700" ind1="1" ind2=" ">
<subfield code="a">Naṣṣār, Ḥusayn</subfield>
<subfield code="6">880-05</subfield>
</datafield>
<datafield tag="880" ind1="0" ind2=" ">
<subfield code="6">100-01/</subfield>
<subfield code="a">سراقة بن مرداس البارقي.</subfield>
</datafield>
<datafield tag="880" ind1="1" ind2="0">
<subfield code="6">245-02/</subfield>
<subfield code="a">ديوان سراقة البارقي /</subfield>
<subfield code="c">حققه وشرحه حسين نصار.</subfield>
</datafield>
<datafield tag="880" ind1=" " ind2=" ">
<subfield code="6">250-03/</subfield>
<subfield code="a">الطبعة 1.</subfield>
</datafield>
<datafield tag="880" ind1=" " ind2=" ">
<subfield code="6">260-04/</subfield>
<subfield code="a">القاهرة :</subfield>
<subfield code="b">لجنة التأليف والترجمة والنشر،</subfield>
<subfield code="c">1947.</subfield>
</datafield>
<datafield tag="880" ind1="1" ind2=" ">
<subfield code="6">700-05/</subfield>
<subfield code="a">نصار، حسين.</subfield>
</datafield>
<datafield tag="OWN" ind1=" " ind2=" ">
<subfield code="a">GENERAL</subfield>
</datafield>
<datafield tag="903" ind1=" " ind2=" ">
<subfield code="a">OLD</subfield>
</datafield>
<datafield tag="998" ind1=" " ind2=" ">
<subfield code="a">19940119</subfield>
<subfield code="d">19940119</subfield>
<subfield code="d">20021001</subfield>
<subfield code="n">NNU</subfield>
<subfield code="s">1</subfield>
<subfield code="t">c</subfield>
<subfield code="z">p</subfield>
</datafield>
<datafield tag="AVA" ind1=" " ind2=" ">
<subfield code="a">NYU50</subfield>
<subfield code="b">BOBST</subfield>
<subfield code="c">Main Collection</subfield>
<subfield code="d">PJ7741.S97 A6 1947</subfield>
<subfield code="e">unavailable</subfield>
<subfield code="t">Unavailable</subfield>
<subfield code="f">1</subfield>
<subfield code="g">1</subfield>
<subfield code="h">N</subfield>
<subfield code="i">0</subfield>
<subfield code="j">MAIN</subfield>
</datafield>
</record>
